%% This BibTeX bibliography file was created using BibDesk.
%% http://bibdesk.sourceforge.net/


%% Created for Barret Schloerke at 2010-10-07 09:08:22 -0500 


%% Saved with string encoding Unicode (UTF-8) 



@unpublished{r_rtouch,
	Author = {Barret Schloerke, Chris Kielion},
	Date-Added = {2010-10-06 12:45:39 -0500},
	Date-Modified = {2010-10-06 12:47:01 -0500},
	Howpublished = {Apple Store},
	Keywords = {r, objective-c, iphone, ipod},
	Note = {application allows the user to perform on-the-fly coding, produce images, download data from the Internet, restore old code files, and save current executed code.  The coding session may then be viewed on a computer using the session ID},
	Title = {RTouch},
	Year = {2009}}

@misc{r_geozoo,
	Author = {Barret Schloerke, Di Cook},
	Date-Added = {2010-10-06 12:43:30 -0500},
	Date-Modified = {2010-10-06 13:08:54 -0500},
	Howpublished = {R},
	Keywords = {r, geometric, hyper, dimension},
	Note = {Functions to produce cubes, spheres, simplices, polyhedra, polytopes, tori, and mobius like objects. Contains a new addition to the high dimension polytopes, a Hyper Ring Torus.},
	Title = {GeoZoo},
	Year = {2007}}

@misc{r_tourr,
	Author = {Dianne Cook, Hadley Wickham, Barret Schloerke},
	Date-Added = {2010-10-06 12:40:59 -0500},
	Date-Modified = {2010-10-06 12:42:07 -0500},
	Howpublished = {R},
	Keywords = {r, animate, plot, tour},
	Month = {Fall},
	Note = {Implements geodesic interpolation and basis generation functions that allow you to create new tour methods from R},
	Title = {tourr},
	Year = {2009}}

@misc{r_describedisplay,
	Author = {Barret Schloerke},
	Date-Added = {2010-10-06 12:39:35 -0500},
	Date-Modified = {2010-10-06 12:40:18 -0500},
	Howpublished = {R},
	Keywords = {r, ggobi, plot},
	Month = {Fall},
	Note = {Produce publication quality graphics from output of GGobi's describe display plugin},
	Title = {DescribeDisplay},
	Year = {2009}}

@misc{r_ggally,
	Author = {Barret Schloerke, Hadley Wickham, Di Cook, Heike Hofmann},
	Date-Added = {2010-10-06 12:37:16 -0500},
	Date-Modified = {2010-10-06 12:38:15 -0500},
	Howpublished = {R},
	Keywords = {r, matrix, plot, ggplot2},
	Month = {Spring},
	Note = {Re-designed the scatterplot matrix to handle other variable types.},
	Title = {GGally},
	Year = {2010}}

@misc{r_helpr,
	Author = {Barret Schloerke, Hadley Wickham},
	Date-Added = {2010-10-06 12:33:53 -0500},
	Date-Modified = {2010-10-06 12:36:10 -0500},
	Funded = {Revolution Analytics},
	Howpublished = {R},
	Keywords = {r, help, documentation},
	Month = {Summer},
	Note = {Betters friendly HTML documentation with links to other packages, function aliases, and function sources. Finding information is a click away. Using the comprehensive search bar, searching across all R packages is quick and effortless.},
	Title = {helpr},
	Year = {2010}}

@misc{r_cranvas,
	Author = {Hadley Wickham, Michael Lawrence, Heike Hofmann, Di Cook, Yihui Xie, Tengfei Yin, Marie Vendettuoli, Barret Schloerke},
	Date-Added = {2010-10-06 12:19:14 -0500},
	Date-Modified = {2010-10-06 12:32:38 -0500},
	Howpublished = {R},
	Keywords = {plot, r, open, gl, fast},
	Note = {New plotting canvas for R.  Produce greater than one million points in less than a second.},
	Title = {Cranvas},
	Year = {2010}}

@techreport{vigre2009,
	Address = {Houston, TX (Rice)},
	Annote = {Covered: The Housing Crisis,  Collecting and Cleaning Data, Exploration and Analysis, and Communication},
	Author = {Gabi Quart, Barret Schloerke, Dex Gannon},
	Date-Added = {2010-10-06 11:58:38 -0500},
	Date-Modified = {2010-10-07 09:08:20 -0500},
	Institution = {Rice University},
	Keywords = {r, visual, housing, crisis, large data},
	Month = {July},
	Title = {Visualizing Large Data Sets},
	Year = {2009}}

@techreport{helprISU,
	Address = {Ames, IA (ISU)},
	Author = {Barret Schloerke},
	Date-Added = {2010-10-06 11:18:52 -0500},
	Date-Modified = {2010-10-07 09:08:08 -0500},
	Institution = {Iowa State Univeristy and Rice University},
	Keywords = {help, r, documentation},
	Month = {September},
	Title = {helpr:  Help for R},
	Type = {Statistics Department},
	Year = {2010}}

@techreport{jsm2010,
	Address = {Vancouver, BC Canada},
	Author = {Barret Schloerke},
	Date-Added = {2010-10-06 11:14:57 -0500},
	Date-Modified = {2010-10-07 09:07:51 -0500},
	Institution = {Iowa State Univeristy},
	Keywords = {ggplot2, scatter, plot, matrix, r},
	Month = {August},
	Title = {GGally: A plot matrix for all variable types},
	Type = {JSM 2010},
	Year = {2010}}

@article{geoZooRJ,
	Annote = {Submitted},
	Author = {Barret Schloerke and Spencer Bradley and Hadley Wickham and Dianne Cook and Heike Hofmann},
	Date-Added = {2007-11-29},
	Date-Modified = {2010-10-06 12:27:37 -0500},
	Journal = {R Journal},
	Keywords = {geometric, hyper, dimension, r},
	Note = {To Be Submitted},
	Rating = {0},
	Read = {Yes},
	Title = {Escape from Boxland: Generating a Library of High-Dimensional Geometric Shapes},
	Year = {2008}}

@article{electionVis,
	Annote = {Published},
	Author = {Lawrence Mosley, Dianne Cook, Heike Hofmann, Chris Kielion, Barret Schloerke},
	Date-Approved = {2010-02-09},
	Date-Modified = {2010-10-06 12:27:16 -0500},
	Issue = {3},
	Journal = {Chance Magazine},
	Keywords = {visual, election, 2008},
	Rating = {0},
	Read = {Yes},
	Title = {Monitoring the 2008 Election Visually},
	Volume = {23},
	Year = {2010}}

